<collection xmlns="http://www.loc.gov/MARC21/slim"><record><leader>00749nam  2200229   450</leader><controlfield tag="001">696</controlfield><controlfield tag="003">http://montalegre.opacnet.com/OPAC/default.aspx?ContentAreaControl=ShowRegHoldings.ascx&amp;RegNo=16662</controlfield><datafield tag="010" ind1=" " ind2=" "><subfield code="a">972-610-268-5</subfield></datafield><datafield tag="021" ind1=" " ind2=" "><subfield code="b">150012/00</subfield></datafield><datafield tag="100" ind1=" " ind2=" "><subfield code="a">20061013d2000    d  y0pory0103    ba</subfield></datafield><datafield tag="101" ind1="0" ind2=" "><subfield code="a">por</subfield></datafield><datafield tag="102" ind1=" " ind2=" "><subfield code="a">PT</subfield></datafield><datafield tag="200" ind1="1" ind2=" "><subfield code="a">&lt;A &gt;fábula dos feijões cinzentos</subfield><subfield code="e">25 de Abril, como quem conta um conto</subfield><subfield code="f">José Vaz</subfield><subfield code="g">il. Elsa Navarro</subfield></datafield><datafield tag="210" ind1=" " ind2=" "><subfield code="a">Porto</subfield><subfield code="c">Campo das Letras</subfield><subfield code="d">2000</subfield></datafield><datafield tag="215" ind1=" " ind2=" "><subfield code="a">[17] p.</subfield><subfield code="c">il.</subfield><subfield code="d">15 cm</subfield></datafield><datafield tag="225" ind1="0" ind2=" "><subfield code="a">Palmo e Meio</subfield><subfield code="v">9</subfield></datafield><datafield tag="606" ind1=" " ind2=" "><subfield code="a">Literatura infantil</subfield></datafield><datafield tag="675" ind1=" " ind2=" "><subfield code="a">82-34</subfield></datafield><datafield tag="700" ind1=" " ind2="1"><subfield code="a">Vaz</subfield><subfield code="b">José</subfield><subfield code="f">1940-</subfield></datafield><datafield tag="702" ind1=" " ind2="1"><subfield code="a">Navarro</subfield><subfield code="b">Elsa</subfield><subfield code="4">440</subfield></datafield><datafield tag="801" ind1=" " ind2="0"><subfield code="a">PT</subfield><subfield code="b">Biblioteca Municipal de Montalegre</subfield><subfield code="g">RPC</subfield></datafield><datafield tag="856" ind1=" " ind2=" "><subfield code="u">locateMedia.asp?cod=20060525152532&amp;ext=jpg</subfield><subfield code="z">CAPA</subfield></datafield><datafield tag="909" ind1="&#9;" ind2=" "><subfield code="a">1</subfield></datafield><datafield tag="966" ind1=" " ind2=" "><subfield code="a">0015066</subfield><subfield code="l">BMM</subfield><subfield code="s">SI 82-34 VAZ fáb 9</subfield></datafield></record></collection>